<mx:record xmlns="http://www.w3.org/TR/xhtml1/strict" xmlns:mx="http://www.loc.gov/MARC21/slim" xmlns:xsi="http://www.w3.org/2001/XMLSchema-instance"><mx:leader>00000nz   2200000n  4500</mx:leader><mx:controlfield tag="001">oca01525455 </mx:controlfield><mx:controlfield tag="005">19860320104136.9</mx:controlfield><mx:controlfield tag="008">860311n| acannaab|          |a aaa ||| c</mx:controlfield><mx:datafield ind1=" " ind2=" " tag="010"><mx:subfield code="a">n  85035781 </mx:subfield></mx:datafield><mx:datafield ind1=" " ind2=" " tag="040"><mx:subfield code="a">IEN</mx:subfield><mx:subfield code="c">DLC</mx:subfield><mx:subfield code="d">DLC</mx:subfield></mx:datafield><mx:datafield ind1="0" ind2=" " tag="100"><mx:subfield code="a">Widukind,</mx:subfield><mx:subfield code="c">von Korvei,</mx:subfield><mx:subfield code="d">ca. 925-ca. 973.</mx:subfield></mx:datafield><mx:datafield ind1="0" ind2=" " tag="400"><mx:subfield code="a">Widukind,</mx:subfield><mx:subfield code="d">fl. 970</mx:subfield><mx:subfield code="w">nnaa</mx:subfield></mx:datafield><mx:datafield ind1="0" ind2=" " tag="400"><mx:subfield code="a">Widukindus,</mx:subfield><mx:subfield code="d">ca. 925-ca. 973</mx:subfield></mx:datafield><mx:datafield ind1="0" ind2=" " tag="400"><mx:subfield code="a">Widukindus,</mx:subfield><mx:subfield code="c">Corbeiensis,</mx:subfield><mx:subfield code="d">ca. 925-ca. 973</mx:subfield></mx:datafield><mx:datafield ind1="0" ind2=" " tag="400"><mx:subfield code="a">Widukind,</mx:subfield><mx:subfield code="c">von Korvey,</mx:subfield><mx:subfield code="d">ca. 925-ca. 973</mx:subfield></mx:datafield><mx:datafield ind1="0" ind2=" " tag="400"><mx:subfield code="a">Widukind,</mx:subfield><mx:subfield code="c">von Corvey,</mx:subfield><mx:subfield code="d">ca. 925-ca. 973</mx:subfield></mx:datafield><mx:datafield ind1=" " ind2=" " tag="670"><mx:subfield code="a">Quellen zur Geschichte der sächsischen Kaiserzeit, 1977:</mx:subfield><mx:subfield code="b">t.p. (Widukinds Sachsengeschichte; Widukindi Res gestae saxonicae) t.p. verso (Widukindus (Corbeiensis)) p. 1 (Widukind von Korvei)</mx:subfield></mx:datafield><mx:datafield ind1=" " ind2=" " tag="670"><mx:subfield code="a">LC data base, 12/19/85</mx:subfield><mx:subfield code="b">(hdg.: Widukind, fl. 970)</mx:subfield></mx:datafield><mx:datafield ind1=" " ind2=" " tag="670"><mx:subfield code="a">Brockhaus, 1981</mx:subfield><mx:subfield code="b">(Widukind von Corvey, b. ca. 925, d. after 973; entered Benedictine monastery at Corvey in 940)</mx:subfield></mx:datafield><mx:datafield ind1=" " ind2=" " tag="670"><mx:subfield code="a">Dt. Lit. d. Mittelalters, Verfasserlex., 1953</mx:subfield><mx:subfield code="b">(Widukind von Korvei, Mönch in dem Kloster Korvei; b. ca. 925; d. after 5-8-973, date of his last work)</mx:subfield></mx:datafield><mx:datafield ind1=" " ind2=" " tag="670"><mx:subfield code="a">Kosch, W. Dt. Lit.-Lex., 1958</mx:subfield><mx:subfield code="b">(Widukind von Korvey (Korvei, Corvey); b. ca. 925; d. after 973)</mx:subfield></mx:datafield><mx:datafield ind1=" " ind2=" " tag="670"><mx:subfield code="a">Encyc. brit., 1983</mx:subfield><mx:subfield code="b">(Widukind; 10th cent. Saxon monk and historian)</mx:subfield></mx:datafield><mx:datafield ind1=" " ind2=" " tag="999"><mx:subfield code="a">57</mx:subfield></mx:datafield></mx:record>